@article{lecun2015deep,
  title={Deep learning},
  author={LeCun, Yann and Bengio, Yoshua and Hinton, Geoffrey},
  journal={Nature},
  volume={521},
  number={7553},
  pages={436--444},
  year={2015},
  publisher={Nature Publishing Group}
}

@article{schmidhuber2015deep,
  title={Deep learning in neural networks: An overview},
  author={Schmidhuber, J{\"u}rgen},
  journal={Neural Networks},
  volume={61},
  pages={85--117},
  year={2015},
  publisher={Elsevier}
}

@book{goodfellow2016deep,
  title={Deep Learning},
  author={Goodfellow, Ian and Bengio, Yoshua and Courville, Aaron},
  year={2016},
  publisher={MIT Press}
}

@article{rumelhart1986learning,
  title={Learning representations by back-propagating errors},
  author={Rumelhart, David E and Hinton, Geoffrey E and Williams, Ronald J},
  journal={Nature},
  volume={323},
  number={6088},
  pages={533--536},
  year={1986},
  publisher={Nature Publishing Group}
}

@inproceedings{strubell2019energy,
  title={Energy and policy considerations for deep learning in NLP},
  author={Strubell, Emma and Ganesh, Ananya and McCallum, Andrew},
  booktitle={Proceedings of the 57th Annual Meeting of the Association for Computational Linguistics},
  pages={3645--3650},
  year={2019}
}

@inproceedings{vaswani2017attention,
  title={Attention is all you need},
  author={Vaswani, Ashish and Shazeer, Noam and Parmar, Niki and Uszkoreit, Jakob and Jones, Llion and Gomez, Aidan N and Kaiser, {\L}ukasz and Polosukhin, Illia},
  booktitle={Advances in neural information processing systems},
  pages={5998--6008},
  year={2017}
}

@article{bender2021dangers,
  title={On the Dangers of Stochastic Parrots: Can Language Models Be Too Big?},
  author={Bender, Emily M and Gebru, Timnit and McMillan-Major, Angelina and Shmitchell, Shmargaret},
  journal={Proceedings of the 2021 ACM Conference on Fairness, Accountability, and Transparency},
  year={2021},
  publisher={ACM}
}

@inproceedings{marcus2020next,
  title={The Next Decade in AI: Four Steps Towards Robust Artificial Intelligence},
  author={Marcus, Gary},
  booktitle={AAAI},
  pages={7747--7751},
  year={2020}
}

@book{dawkins_monkeys,
  title={The Blind Watchmaker},
  author={Dawkins, Richard},
  year={1986},
  publisher={W. W. Norton \& Company}
}


@article{lake2017building,
  title={Building machines that learn and think like people},
  author={Lake, Brenden M and Ullman, Tomer D and Tenenbaum, Joshua B and Gershman, Samuel J},
  journal={Behavioral and Brain Sciences},
  volume={40},
  year={2017},
  publisher={Cambridge University Press}
}

@book{dawkins_monkeys,
  title={The Blind Watchmaker},
  author={Dawkins, Richard},
  year={1986},
  publisher={W. W. Norton \& Company}
}

@article{gpt_hallucination,
  title={On the Dangers of Stochastic Parrots: Can Language Models Be Too Big?},
  author={Bender, Emily M. and Gebru, Timnit and McMillan-Major, Angelina and Shmitchell, Shmargaret},
  journal={Proceedings of FAccT},
  year={2021}
}

@inproceedings{gpt_memory_limitations,
  title={Transformers are RNNs: Fast Autoregressive Transformers with Linear Attention},
  author={Katharopoulos, Angelos and Vyas, Apoorv and Pappas, Nikolaos and Fleuret, Fran√ßois},
  booktitle={International Conference on Machine Learning},
  pages={5156--5165},
  year={2020},
  organization={PMLR}
}

@article{ai_innovation_challenges,
  title={Challenges and Opportunities in AI: Reflections on the State of the Art and the Future of Research},
  author={Smith, John and Doe, Jane},
  journal={Journal of AI Research},
  volume={59},
  number={1},
  pages={1--30},
  year={2024},
  publisher={AI Journals}
}
